<record><leader>00000cas a22000007a 4500</leader><controlfield tag="001">13400359</controlfield><controlfield tag="008">860407d18961916inucr ne      0    0eng d</controlfield><datafield ind1=" " ind2=" " tag="010"><subfield code="a">sn 86058442 </subfield></datafield><datafield ind1=" " ind2=" " tag="040"><subfield code="a">NPI</subfield><subfield code="b">eng</subfield><subfield code="c">NPI</subfield><subfield code="d">OCLCQ</subfield><subfield code="d">IUL</subfield><subfield code="d">OCLCF</subfield></datafield><datafield ind1=" " ind2=" " tag="042"><subfield code="a">msc</subfield></datafield><datafield ind1=" " ind2=" " tag="043"><subfield code="a">n-us-in</subfield></datafield><datafield ind1="0" ind2="0" tag="245"><subfield code="a">Brazil semi-weekly times.</subfield></datafield><datafield ind1=" " ind2=" " tag="260"><subfield code="a">Brazil, Ind. :</subfield><subfield code="b">Henkel Pub. Co.</subfield></datafield><datafield ind1=" " ind2=" " tag="300"><subfield code="a">v. :</subfield><subfield code="b">ill.</subfield></datafield><datafield ind1=" " ind2=" " tag="310"><subfield code="a">Semiweekly (twice a week)</subfield></datafield><datafield ind1="1" ind2=" " tag="362"><subfield code="a">Began on Aug. 1, 1896; ceased in 1916.</subfield><subfield code="z">Cf. Miller, John W. Indiana newspaper bibliog.</subfield></datafield><datafield ind1=" " ind2=" " tag="500"><subfield code="a">"An Independent newspaper."</subfield></datafield><datafield ind1=" " ind2=" " tag="515"><subfield code="a">Carries the same volume and issue numbers as the daily edition which appears on the same date; this results in apparent gaps in the issue numbers of the semiweekly.</subfield></datafield><datafield ind1=" " ind2=" " tag="580"><subfield code="a">Published also in a daily edition called: 1896-1910, Daily times; 1910-1916, Brazil daily times.</subfield></datafield><datafield ind1=" " ind2=" " tag="588"><subfield code="a">Description based on: Vol. 24, no. 26 (Jan. 2, 1912).</subfield></datafield><datafield ind1=" " ind2="0" tag="651"><subfield code="a">Brazil (Ind.)</subfield><subfield code="v">Newspapers.</subfield></datafield><datafield ind1=" " ind2="0" tag="651"><subfield code="a">Clay County (Ind.)</subfield><subfield code="v">Newspapers.</subfield></datafield><datafield ind1=" " ind2="7" tag="651"><subfield code="a">Indiana</subfield><subfield code="z">Brazil.</subfield><subfield code="2">fast</subfield><subfield code="0">(OCoLC)fst01255154</subfield></datafield><datafield ind1=" " ind2="7" tag="651"><subfield code="a">Indiana</subfield><subfield code="z">Clay County.</subfield><subfield code="2">fast</subfield><subfield code="0">(OCoLC)fst01214662</subfield></datafield><datafield ind1=" " ind2="7" tag="655"><subfield code="a">Newspapers.</subfield><subfield code="2">fast</subfield><subfield code="0">(OCoLC)fst01423814</subfield></datafield><datafield ind1=" " ind2=" " tag="752"><subfield code="a">United States</subfield><subfield code="b">Indiana</subfield><subfield code="c">Clay</subfield><subfield code="d">Brazil.</subfield></datafield><datafield ind1="1" ind2=" " tag="775"><subfield code="t">Daily times (Brazil, Ind.)</subfield><subfield code="w">(DLC)sn 86058432</subfield><subfield code="w">(OCoLC)13364437</subfield></datafield><datafield ind1="1" ind2=" " tag="775"><subfield code="t">Brazil daily times</subfield><subfield code="w">(DLC)sn 86058431</subfield><subfield code="w">(OCoLC)13364446</subfield></datafield></record>